% Encoding: UTF-8

@Article{Marchuk2022,
  author = {Anastasiya Marchuk},
  date   = {2022},
  title  = {Native vs Cross-Platform Development: Pros & Cons Revealed},
  url    = {https://www.uptech.team/blog/native-vs-cross-platform-app-development},
}

@Article{BitFlow2022,
  author = {UAB BitFlow},
  date   = {2022-11-27},
  title  = {Native vs. Cross-platform App Development- Pros and Cons You Need to Know},
  url    = {https://www.linkedin.com/pulse/native-vs-cross-platform-app-development-pros-cons-you-need-/},
}

@Article{Faisal2021,
  author = {Fazmeena Faisal},
  date   = {2021-04-29},
  title  = {What Makes Native App Development a Great Approach for Building Mobile Apps},
  url    = {https://mindster.com/mindster-blogs/native-app-development/#Native_App_Development_for_Android},
}

@Article{Sahu2020,
  author = {Aayushi Sahu},
  date   = {2020},
  title  = {Top 6 Platforms for iOS App Development},
  url    = {https://www.westagilelabs.com/blog/top-platforms-for-ios-app-development/},
}

@Article{TechCommuters2020,
  author = {TechCommuters},
  date   = {2020-10-06},
  title  = {Top 15 iOS Development Tools in 2022},
  url    = {https://www.techcommuters.com/top-ios-development-tools/},
}

@Article{Harvey2021,
  author = {Cynthia Harvey},
  date   = {2021-07-30},
  title  = {11 Best Android IDEs for Developers of 2022},
  url    = {https://www.developer.com/mobile/top-android-ides-for-developers/},
}

@Software{JavaTpoint2019,
  author = {JavaTpoint},
  date   = {2019-08-01},
  title  = {Android Studio},
  url    = {https://www.javatpoint.com/android-studio},
}

@Article{Zubair2022,
  author = {Zubair},
  date   = {2022-01-23},
  title  = {Top 10 Best Cross Platform App Development Frameworks in 2022},
  url    = {https://www.codenameone.com/blog/top-10-best-cross-platform-app-development-frameworks-in-2022.html},
}

@Article{Thaker2022,
  author = {Hiral Thaker},
  date   = {2022-07-26},
  title  = {Cross-Platform App Development: A Complete Guide},
  url    = {https://www.biztechcs.com/blog/cross-platform-app-development-complete-guide/},
}

@Comment{jabref-meta: databaseType:biblatex;}
